@book{lafaye,
  title={Le logiciel R: Maitriser le langage-Effectuer des analyses statistiques},
  author={De Micheaux, Pierre Lafaye and Drouilhet, R{\'e}my and Liquet, Beno{\^\i}t},
  year={2011},
  publisher={Springer Science \& Business Media}
}
